@online{kaggledata,
  author = {Michel's Fanboi},
  title = {League of Legends Diamond Ranked Games (10 min)},
  note = {Available at https://www.kaggle.com/bobbyscience/league-of-legends-diamond-ranked-games-10-min},
  urldate = {2020-04-12}
}

